@unpublished {osgiLifecycle,
	author = "Kim Moir",
	title = "{The Architecture of Open Source Applications - Eclipse}",
	url = "http://www.aosabook.org/en/eclipse.html",
	year = "2012"
}
@unpublished{xtendDoc,
	author = "Sven Efftinge",
	title = "Xtend documentation",
	url = "http://www.eclipse.org/xtend/documentation.html",
	year = "2012"
}
@unpublished{xtendXtext,
	author = "itemis {AG}",
	title = "Xtend.xtext",
	url = "https://github.com/eclipse/xtext/blob/master/plugins/org.eclipse.xtend.core/src/org/eclipse/xtend/core/Xtend.xtext",
	year = "2010"
}
@unpublished{xtextXtext,
	author = "itemis {AG}",
	title = "Xtext.xtext",
	url = "https://github.com/eclipse/xtext/blob/master/plugins/org.eclipse.xtext/src/org/eclipse/xtext/Xtext.xtext",
	year = "2008"
}

@unpublished{xbaseXtext,
	author = "itemis {AG}",
	title = "Xbase.xtext",
	url = "https://github.com/eclipse/xtext/blob/master/plugins/org.eclipse.xtext.xbase/src/org/eclipse/xtext/xbase/Xbase.xtext",
	year = "2010"
}

@unpublished{xbaseIntro,
	author = "Sven Efftinge",
	title = "Xbase - {A} new programming language?",
	url = "http://blog.efftinge.de/2010/09/xbase-new-programming-language.html",
	year = "2010"
}
@unpublished{projectFileDesc,
	author = "Eclipse",
	title = "The project description file",
	url = "http://help.eclipse.org/juno/index.jsp?topic=%2Forg.eclipse.platform.doc.isv%2Freference%2Fmisc%2Fproject_description_file.html",
	year = "2007"
}

@unpublished{projectBuildersAndNatures,
	author = "John Arthorne",
	title = "Project builders and natures",
	url = "http://www.eclipse.org/articles/Article-Builders/builders.html",
	year = "2004"
}
@unpublished{historyEclipse,
	author = "Gary Cernosek",
	title = "A brief history of {E}clipse",
	url = "http://www.ibm.com/developerworks/rational/library/nov05/cernosek/",
	year = "2005"
}

@unpublished{javaapi5ManyToMany,
	author = "Sun Microsystems",
	title = "Java 5 {API}",
	note = "{@ManyToMany} Annotation",
	url = "http://docs.oracle.com/javaee/5/api/javax/persistence/ManyToMany.html",
	year = "2007"
}

@unpublished{javaapi5ManyToOne,
	author = "Sun Microsystems",
	title = "Java 5 {API}",
	note = "{@ManyToOne} Annotation",
	url = "http://docs.oracle.com/javaee/5/api/javax/persistence/OneToMany.html",
	year = "2007"
}

@unpublished{osgiSpec,
	author = "{OSGi} Alliance",
	title = "{OSGi} {A}lliance specification",
	note = "Spezifikation für {OSGi} Release 5",
	url = "http://www.osgi.org/Specifications/HomePage",
	year = "2012"
}

@unpublished{daoPattern,
	author = "Oracle",
	title = "Core J2EE Patterns - Data Access Object",
	url = "http://www.oracle.com/technetwork/java/dataaccessobject-138824.html",
	year = "2010"
}

@unpublished {visualizationAndModelingSdk,
	author = "Microsoft Corporation",
	title = "{Visualization and Modeling SDK - Domain-Specific Languages}",
	url = "http://msdn.microsoft.com/en-us/library/bb126259.aspx",
	year = "unbekannt"
}

@unpublished{railsScaffolding,
	author = "Ryan Bigg and Fredreick Cheung and Tore Darell and Jeff Dean and Mike Gunderloy and Mikel Lindsaar",
	title = "Getting Started with Rails",
	note = "Getting Up and Running Quickly with Scaffolding",
	url = "http://guides.rubyonrails.org/getting_started.html#getting-up-and-running-quickly-with-scaffolding",
	year = "2012"
}

@unpublished{quadrantOverview,
	author = "Microsoft Corporation",
	title = "{Quadrant Overview}",
	url = "http://msdn.microsoft.com/en-us/library/dd857506(VS.85).aspx",
	year = "unbekannt"
}

@unpublished{programmingLanguageM,
	author = "Microsoft Corporation",
	title = "{The Microsoft code name M Modeling Language Specification - Introduction}",
	url = "http://msdn.microsoft.com/en-us/library/dd285271.aspx",
	year = "2009"
}

@unpublished{annotations,
	author = "Oracle",
	title = "Annotations",
	year = "2010",
	url = "http://docs.oracle.com/javase/1.5.0/docs/guide/language/annotations.html"
}

@article{mdsd,
	author = "Markus Völter",
	title = "{Modellgetriebene, Komponentbasierte Softwareentwicklung}",
	year = "2010",
	journal = "JavaMagazin",
	note = "Online unter http://www.voelter.de/data/articles/MDSDandCBD-Part1.pdf",
	
}
@unpublished{attributes,
	author = "Microsoft Corporation",
	title = "Attributes {(C\# and Visual Basic)}",
	year = "unbekannt",
	url = "http://msdn.microsoft.com/de-de/library/vstudio/z0w1kczw.aspx",
}
 
@unpublished{xtextDocumentation,
	author = "Sven Efftinge",
	title = "Xtext Documentation",
	url = "http://www.eclipse.org/Xtext/documentation.html",
	year = "2013"
}
@book{cl2010,
  author = "Torsten Cleff",
  title = "Basiswissen Testen von Software",
  year = 2010,
  publisher = "W3L-Verlag",
  pages = "62-63",
  edition = "1. Auflage"
}

@book{ebdu96,
  author = "Christof Ebert and Reiner Dumke",
  title = "Software-Metriken in der Praxis",
  publisher = "Springer Verlag",
  year = 1996,
  pages = {122},
  edition = {1. Auflage}
}
 
@book{ht2006,
   author = "Andrew Hunt and David Thomas",
   title  = "The Pragmatic Programmer",
   year   = 2006,
   publisher = "Addison-Wesley Professional",
   pages  = {103},
   edition = {19. Edition}
}

@book{bal2009,
   author = "Helmut Balzert",
   title  = "Lehrbuch der Softwaretechnik: Basiskonzepte und Requirements Engineering",
   year   = 2009,
   pages  = {529--539},
   edition = {2. Auflage}
}

